@article{Schikowski2015,
	Author = {Schikowski,Robert, Netra P. Paudyal, Balthasar Bickel},
	Date-Added = {2018-10-09 11:28:00},
	Date-Modified = {2018-10-09 11:28:00},
	Journal = {Valency Classes in the World's Languages},
	Keywords = {Chintang},
	Pages = {669--708},
	Title = {Flexible valency in Chintangs},
	Volume = {1},
	Year = {2015}}
	
	
@article{Bickel2007,
	Author = {Bickel, Balthasar, G. Banjade, M. Gaenszle, E. Lieven, N. P. Paudyal, I. Purna Rai et al},
	Date-Added = {2018-10-09 11:28:00},
	Date-Modified = {2018-10-09 11:28:00},
	Journal = {Language},
	Keywords = {Chintang},
	Number = {1},
	Pages = {43-73},
	Title = {Free prefix ordering in Chintang},
	Volume = {83},
	Year = {2007}}	
	
@misc{Bickel2008,
	Author = {Balthasar Bickel},
	Date-Added = {2018-10-09 11:28:00},
	Date-Modified = {2018-10-09 11:28:00},
	Journal = {Work In Progress Presentation, MPI for Evolutionary Anthropolgy},
	Keywords = {Chintang},
	Title = {Grammatical relations in Chintang},
	Howpublished = {\url{http://www.clrp.uzh.ch/downloads/GR_chintang.pdf}},
	Volume = {blubb},
	Year = {2008}}	
	
	@misc{Stoll2011,
	Author = {Stoll, S., B. Bickel, E. Lieven, G. Banjade, T. N. Bhatta, M. Gaenszle, N. P. Paudyal, J. Pettigrew, I. P. Rai, M. Rai, N. K. Rai},
	Date-Added = {2018-10-09 11:28:00},
	Date-Modified = {2018-10-09 11:28:00},
	Journal = {Journal of Child Language},
	Keywords = {Chintang, Language Acquisition},
	Title = {Nouns and verbs in Chintang: childrenâ€™s usage and surrounding adult speech},
	Pages = {1--38},
	Year = {2011}}	
	
	@book{Yadava2005,
	Address = {Kathmandu},
	Editor = {Yadava, Yogendra P.},
	Date-Added = {2018-10-09 11:28:00},
	Date-Modified = {2018-10-09 11:28:00},
	Keywords = {chintang},
	Publisher = {Linguistic Society of Nepal},
	Title = {Contemporary issues in Nepalese linguistics},
	Year = {2005}}
	
	