@article{Box2018HowStudy,
    title = {{How to be moderately happy: an empirical study}},
    year = {2018},
    journal = {Journal of pointless research},
    author = {Box, A},
    number = {1},
    volume = {1}
}

@book{Jbkbk,
    title = {{jbkbk}}
}