@book{Frampton2014ExPeXManual,
    title = {{ExPeX User Manual}},
    year = {2014},
    author = {Frampton, John},
    url = {http://www.pirbot.com/mirrors/ctan/macros/generic/expex/expex-doc.pdf}
}

@book{A.Cat1870MyHumans,
    title = {{My Life among Humans}},
    year = {1870},
    author = {{A. Cat}},
    publisher = {Royal Press},
    address = {London}
}